<?xml version="1.0" encoding="UTF-8"?><collection xmlns="http://www.loc.gov/MARC21/slim"><record><leader>00459nam--2200145-i-4500</leader><controlfield tag="001">000027954</controlfield><controlfield tag="002">20161230</controlfield><controlfield tag="005">20161230201037</controlfield><controlfield tag="008">060222s1000------------r-----000-0-eng-d</controlfield><datafield ind1=" " ind2=" " tag="080"><subfield code="a">541.49:54-386</subfield></datafield><datafield ind1=" " ind2=" " tag="100"><subfield code="a">Lefebvre, J.Et Souchay, P</subfield></datafield><datafield ind1=" " ind2=" " tag="245"><subfield code="a">Equilibres et reactivite des complexes en solution</subfield></datafield><datafield ind1=" " ind2=" " tag="260"><subfield code="a">Paris, Masson Et C-ie Editeurs, 1969, 358p</subfield></datafield><datafield ind1=" " ind2=" " tag="490"><subfield code="a">Collection De Chimie Physique Publiee Sous La Direction Du Prof.A.Pacault</subfield></datafield><datafield ind1=" " ind2=" " tag="852"><subfield code="a">33318</subfield></datafield></record></collection>